@misc{web:mongo:why,
	author = {MongoDB},
	title = {Why Use MongoDB? What We Offer and When to Use It},
	year = {2007 (accessed June 20, 2022) for mongo's define},
	howpublished = {https://www.mongodb.com/why-use-mongodb}
}

@misc{web:react:why,
	author = {Suraj Surve},
	title = {Why You Should Use React.js For Web Development},
	year = {2021 (accessed June 20, 2022 for conclusion)},
	howpublished = {https://www.freecodecamp.org/news/why-use-react-for-web-development}
}

@misc{web:apollo:sever,
	author = {Apollo},
	title = {Introduction to Apollo Server},
	year = {May 24, 2022 (accessed June 20, 2022 for conclusion)},
	howpublished = {https://www.apollographql.com/docs/apollo-server/}
}

@misc{web:node:about,
	author = {Node.js},
	title = {About Node.js},
	year = {accessed June 20, 2022},
	howpublished = {https://nodejs.org/en/about/}
}

@misc{web:next:home,
	author = {Next.js},
	title = {Homepage Next.js},
	year = {accessed June 20, 2022},
	howpublished = {https://nextjs.org/}
}

@misc{web:graphql:home,
	author = {Graphql.js},
	title = {Homepage Graphql.js},
	year = {accessed June 20, 2022},
	howpublished = {https://graphql.org/}
}

@misc{web:github:home,
	author = {Github},
	title = {GitHub Actions}
	year = {accessed June 20, 2022},
	howpublished = {https://docs.github.com/en/actions}
}

@misc{web:pm2:home,
	author = {pm2},
	title = {ADVANCED, PRODUCTION PROCESS MANAGER FOR NODE.JS}
	year = {accessed June 20, 2022},
	howpublished = {https://pm2.keymetrics.io/}
}